<?xml version="1.0" encoding="UTF-8"?><record xmlns="http://www.loc.gov/MARC21/slim" xmlns:cinclude="http://apache.org/cocoon/include/1.0" xmlns:zs="http://www.loc.gov/zing/srw/">
  <leader>00456cz  a2200133n  4500</leader>
  <controlfield tag="001">n  86823807 </controlfield>
  <controlfield tag="003">DLC</controlfield>
  <controlfield tag="005">19930518141536.6</controlfield>
  <controlfield tag="008">860430n| acannaab|          |n aad |||  </controlfield>
  <datafield tag="010" ind1=" " ind2=" ">
    <subfield code="a">n  86823807 </subfield>
  </datafield>
  <datafield tag="040" ind1=" " ind2=" ">
    <subfield code="a">DLC</subfield>
    <subfield code="c">DLC</subfield>
    <subfield code="d">DLC</subfield>
  </datafield>
  <datafield tag="100" ind1="1" ind2="0">
    <subfield code="a">Solomon, Linda</subfield>
  </datafield>
  <datafield tag="667" ind1=" " ind2=" ">
    <subfield code="a">NLC not consulted.</subfield>
  </datafield>
  <datafield tag="670" ind1=" " ind2=" ">
    <subfield code="a">nuc86-39424: Canadian Health Association. Library. The health administrator's library, c1978, 1981 printing</subfield>
    <subfield code="b">(hdg. on KU rept.: Solomon, Linda; usage: Linda Solomon)</subfield>
  </datafield>
</record>